<?xml version="1.0" encoding="UTF-8"?><record xmlns="http://www.loc.gov/MARC21/slim" xmlns:cinclude="http://apache.org/cocoon/include/1.0" xmlns:zs="http://www.loc.gov/zing/srw/">
  <leader>00538nz  a2200157n  4500</leader>
  <controlfield tag="001">nb2006008776</controlfield>
  <controlfield tag="003">DLC</controlfield>
  <controlfield tag="005">20060412051519.0</controlfield>
  <controlfield tag="008">060411n| acannaabn          |a ana      </controlfield>
  <datafield tag="010" ind1=" " ind2=" ">
    <subfield code="a">nb2006008776</subfield>
  </datafield>
  <datafield tag="035" ind1=" " ind2=" ">
    <subfield code="a">(Uk)006453348</subfield>
  </datafield>
  <datafield tag="040" ind1=" " ind2=" ">
    <subfield code="a">Uk</subfield>
    <subfield code="b">eng</subfield>
    <subfield code="c">Uk</subfield>
  </datafield>
  <datafield tag="110" ind1="2" ind2=" ">
    <subfield code="a">Railway Heritage Trust</subfield>
  </datafield>
  <datafield tag="410" ind1="2" ind2=" ">
    <subfield code="a">R.H.T.</subfield>
  </datafield>
  <datafield tag="410" ind1="2" ind2=" ">
    <subfield code="a">RHT</subfield>
  </datafield>
  <datafield tag="670" ind1=" " ind2=" ">
    <subfield code="a">Annual report 1988-89, 1989:</subfield>
    <subfield code="b">t.p. (Railway Heritage Trust) p.2 (R.H.T.) p.4 (est. 1985 to assist with the preservation &amp; enhancement of listed buildings &amp; structures owned by the British Railways Board)</subfield>
  </datafield>
</record>